%Este trabalho está licenciado sob a Licença Atribuição-CompartilhaIgual 4.0 Internacional Creative Commons. Para visualizar uma cópia desta licença, visite http://creativecommons.org/licenses/by-sa/4.0/deed.pt_BR ou mande uma carta para Creative Commons, PO Box 1866, Mountain View, CA 94042, USA.

%Bibtex format

@Book{Banin2021a,
  author = 	 {Banin, S. L.},
  title = 	 {Python 3 - Conceitos e Aplicações - Uma Abordagem Didática},
  publisher = 	 {Saraiva},
  address =      {São Paulo},
  year = 	 {2021},
  isbn =         {978-8536530253}
}

@Book{Cormen2021a,
  author = 	 {Cormen, T.},
  title = 	 {Desmitificando Algoritmos},
  publisher = 	 {Grupo GEN},
  address =      {São Paulo},
  year = 	 {2021},
  isbn =         {978-8595153929}
}

@Book{Cormen2012a,
  author = 	 {Cormen, T.},
  title = 	 {Algoritmos - Teoria e Prática},
  publisher = 	 {Grupo GEN},
  address =      {São Paulo},
  year = 	 {2012},
  isbn =         {978-8595158092}
}

@Book{Grus2021a,
  author = 	 {Grus, J.},
  title = 	 {Data Science do Zero},
  publisher = 	 {Alta Books},
  address =      {Rio de Janeiro},
  year = 	 {2021},
  isbn =         {978-8550816463}
}

@Book{Ribeiro2021a,
  author = 	 {Ribeiro, J. A.},
  title = 	 {Introdução à Programação e aos Algoritmos},
  publisher = 	 {LTC},
  address =      {São Paulo},
  year = 	 {2021},
  isbn =         {978-8521636410}
}

@Book{Wazlawick2021a,
  author = 	 {Wazlawick, R.},
  title = 	 {Introdução a Algoritmos e Programação com Python - Uma Abordagem Dirigida por Testes},
  publisher = 	 {Grupo GEN},
  address =      {São Paulo},
  year = 	 {2021},
  isbn =         {978-8595156968}
}
