%Este trabalho está licenciado sob a Licença Atribuição-CompartilhaIgual 4.0 Internacional Creative Commons. Para visualizar uma cópia desta licença, visite http://creativecommons.org/licenses/by-sa/4.0/deed.pt_BR ou mande uma carta para Creative Commons, PO Box 1866, Mountain View, CA 94042, USA.

%Bibtex format

@book{Banin,
title = {Python 3 - Conceitos e Aplicações - Uma abordagem didática},
author = {Banin, S.},
publisher = {Editora Saraiva},
year = {2021},
isbn = {9788536530253}
}

@misc{NumPy,
title ={Num{P}y},
howpublished = {https://numpy.org/},
moth = {Setembro},
year = {2021}
}

@misc{PythonTutorial,
title ={The Python Tutorial},
howpublished = {https://docs.python.org/3/tutorial/index.html},
moth = {Setembro},
year = {2021}
}

@book{Ribeiro,
title = {Introdução à Programação e aos Algoritmos},
author = {Ribeiro, J. A.},
publisher = {Grupo {GEN}},
year = {2019},
isbn = {9788521636410}
}

@misc{TutorialsPoint,
title ={Learn Python: simply easy learning},
howpublished = {https://www.tutorialspoint.com/python/index.htm},
moth = {Setembro},
year = {2021}
}

@misc{SciPy,
title ={Sci{P}y},
howpublished = {https://www.scipy.org/},
moth = {Setembro},
year = {2021}
}

@book{Wazlawick,
title = {Introdução a Algoritmos e Programação com Python - Uma Abordagem Dirigida Por Testes},
author = {Wazlawick, R.},
publisher = {Grupo {GEN}},
year = {2017},
isbn = {9788595156968}
}




