%Este trabalho está licenciado sob a Licença Atribuição-CompartilhaIgual 4.0 Internacional Creative Commons. Para visualizar uma cópia desta licença, visite http://creativecommons.org/licenses/by-sa/4.0/deed.pt_BR ou mande uma carta para Creative Commons, PO Box 1866, Mountain View, CA 94042, USA.

%Bibtex format

@book{Evans1998a,
  title={Partial Differential Equations},
  author={Evans, L.C.},
  isbn={9780821807729},
  lccn={97041033},
  series={Graduate studies in mathematics},
  url={https://books.google.com.br/books?id=5Pv4LVB\_m8AC},
  year={1998},
  publisher={American Mathematical Society}
}

@book{LangtangenLogg2017,
 title = {Solving PDEs in Python},
 author = {Langtangen, H. P. and Logg, A.},
 year = {2017},
 publisher = {Springer},
 doi = {10.1007/978-3-319-52462-7},
 isbn = {978-3-319-52461-0}
}

@book{Larson2013a,
 title = {The Finite Element Method: Theory, Implementation, and Applications},
 author = {Larson, M.G. and Bengson, F.},
 year = {2013},
 publisher = {Springer}
}

@book{Brenner2008a,
 title = {The mathematical theory of finite element methods},
 author = {Brenner, S.C. and Scott, L.R.},
 year = {2008},
 publisher = {Springer}
}

