%Este trabalho está licenciado sob a Licença Atribuição-CompartilhaIgual 4.0 Internacional Creative Commons. Para visualizar uma cópia desta licença, visite http://creativecommons.org/licenses/by-sa/4.0/deed.pt_BR ou mande uma carta para Creative Commons, PO Box 1866, Mountain View, CA 94042, USA.

%Bibtex format

@Book{Boyce2020,
  author = 	 {Boyce, W. E. and DiPrima, R. C.},
  title = 	 {Equações diferenciais elementares e problemas de valores de contorno},
  edition =      {11.},
  publisher = 	 {LTC},
  year = 	 {2020},
  isbn =         {978-1-119-38164-8},
  address =      {Rio de Janeiro}
}

@Book{Oliveira2003,
  author = 	 {Oliveira, E. C. and Maiorino, J. E.},
  title = 	 {Introdução aos métodos de matemática aplicada},
  edition =      {2.},
  publisher = 	 {Unicamp},
  year = 	 {2013},
  isbn =         {8526806386},
  address =      {Campinas}
}

@Book{Cengel2014,
  author = 	 {Çengel, Y. A.},
  title = 	 {Equações diferenciais},
  publisher = 	 {AMGH},
  address =      {Porto Alegre},
  year = 	 {2014},
  isbn =         {9788580553482}
}


@Book{Zill2016,
  author = 	 {Zill, D. G.},
  title = 	 {Equações diferenciais com aplicações em modelagem},
  edition =      {10.},
  publisher = 	 {Cengage Learning},
  address =      {São Paulo},
  year = 	 {2016},
  isbn =         {978-85-221-2402-2}
}

