%Este trabalho está licenciado sob a Licença Atribuição-CompartilhaIgual 4.0 Internacional Creative Commons. Para visualizar uma cópia desta licença, visite http://creativecommons.org/licenses/by-sa/4.0/deed.pt_BR ou mande uma carta para Creative Commons, PO Box 1866, Mountain View, CA 94042, USA.

%Bibtex format

@Book{Boyce2017a,
  author = 	 {Boyce, W.E. and DiPrima, R.C.},
  title = 	 {Equações diferenciais elementares e problemas de valores de contorno},
  edition =      {10.},
  publisher = 	 {LTC},
  year = 	 {2017}
}

@Book{Elaydi2005a,
  author = 	 {Elaydi, S.},
  title = 	 {An introduction to difference equations},
  edition =      {3.},
  publisher = 	 {Springer},
  year = 	 {2005}
}
