%Este trabalho está licenciado sob a Licença Atribuição-CompartilhaIgual 4.0 Internacional Creative Commons. Para visualizar uma cópia desta licença, visite http://creativecommons.org/licenses/by-sa/4.0/deed.pt_BR ou mande uma carta para Creative Commons, PO Box 1866, Mountain View, CA 94042, USA.

%Bibtex format

@Book{Banin2018,
  author = 	 {Banin, S.L.},
  title = 	 {Python 3 - Conceitos e Aplicações - Uma abordagem didática},
  publisher = 	 {Editora Saraiva},
  year = 	 {2018},
  isbn =         {9788536530253}
}

@Book{Cormen2012,
  author = 	 {Cormen, T.},
  title = 	 {Algoritmos - Teoria e Prática},
  publisher = 	 {Grupo {GEN}},
  year = 	 {2012},
  isbn =         {9788595158092}
}

@Book{Cormen2013,
  author = 	 {Cormen, T.},
  title = 	 {Desmistificando Algoritmos},
  publisher = 	 {Grupo {GEN}},
  year = 	 {2013},
  isbn =         {9788595153929}
}

@Book{Ribeiro2019,
  author = 	 {Ribeiro, J.A.},
  title = 	 {Introdução à Programação e aos Algoritmos},
  publisher = 	 {Grupo {GEN}},
  year = 	 {2019},
  isbn =         {9788521636410}
}


@Book{Wazlawick2017,
  author = 	 {Wazlawick, R.},
  title = 	 {Introdução a Algoritmos e Programação com Python - Uma Abordagem Dirigida Por Testes},
  publisher = 	 {Grupo {GEN}},
  year = 	 {2017}
}



