%Este trabalho está licenciado sob a Licença Atribuição-CompartilhaIgual 4.0 Internacional Creative Commons. Para visualizar uma cópia desta licença, visite http://creativecommons.org/licenses/by-sa/4.0/deed.pt_BR ou mande uma carta para Creative Commons, PO Box 1866, Mountain View, CA 94042, USA.

%Bibtex format

@Book{Thomas2012,
  author = 	 {George Thomas},
  title = 	 {C\'alculo},
  volume =       {1},
  edition =      {12.},
  publisher = 	 {Addison- Wesley},
  year = 	 {2012}
}

@Book{Anton2014,
  author = 	 {Howard Anton},
  title = 	 {C\'alculo},
  volume =       {1},
  edition =      {10.},
  publisher = 	 {Bookman},
  year = 	 {2014}
}
