%Este trabalho está licenciado sob a Licença Atribuição-CompartilhaIgual 4.0 Internacional Creative Commons. Para visualizar uma cópia desta licença, visite http://creativecommons.org/licenses/by-sa/4.0/deed.pt_BR ou mande uma carta para Creative Commons, PO Box 1866, Mountain View, CA 94042, USA.

%Bibtex format

@Book{Bertsekas2015a,
  author = 	 {D.P. Dimitri and J.N. Tsitsiklis},
  title = 	 {Parallel and Distributed Computation: Numerical Methods},
  publisher = 	 {Athena Scientific},
  year = 	 {2015}
}

@Book{Grama2003a,
  author = 	 {A. Grama and A. Grupta and G. Karypis and V. Kumar},
  title = 	 {Introduction to Parallel Computing},
  publisher = 	 {Addison Wesley},
  edition =      {2.},
  year = 	 {2003}
}
