%Este trabalho está licenciado sob a Licença Atribuição-CompartilhaIgual 4.0 Internacional Creative Commons. Para visualizar uma cópia desta licença, visite http://creativecommons.org/licenses/by-sa/4.0/deed.pt_BR ou mande uma carta para Creative Commons, PO Box 1866, Mountain View, CA 94042, USA.

%Bibtex format

@Book{Caldeira20014,
  author = 	 {Caldeira, A.M. and da Silva, L.M.O and Machado, M.A.S. and Medeiros, V.Z.},
  title = 	 {Pré-Cálculo},
  edition =      {3.},
  publisher = 	 {Cengage Learning},
  year = 	 {2014}
}
