%Este trabalho está licenciado sob a Licença Atribuição-CompartilhaIgual 4.0 Internacional Creative Commons. Para visualizar uma cópia desta licença, visite http://creativecommons.org/licenses/by-sa/4.0/deed.pt_BR ou mande uma carta para Creative Commons, PO Box 1866, Mountain View, CA 94042, USA.

%Bibtex format

@Book{Bjorck1996a,
  author = 	 {A. Bj\"{o}rk},
  title = 	 {Numerical Methods for Least Squares Problems},
  publisher = 	 {SIAM},
  year = 	 {1996}
}

@Book{Burden2016a,
  author = 	 {R.L. Burden and J.D. Faires and A.M. Burden},
  title = 	 {An\'{a}lise Num\'{e}rica},
  publisher = 	 {{CENGAGE} Learning},
  edition = 	 {3.},
  year = 	 {2016},
  isbn =         {978-8522123414},
  url =          {https://bit.ly/3XB54MJ}
}

@Book{Isaacson1994a,
  author = 	 {E. Isaacson and H.B. Keller},
  title = 	 {Analysis of Numerical Methods},
  publisher = 	 {Dover},
  year = 	 {1994}
}

@article{Lemire2021a,
  doi = {10.1002/spe.2984},
  year = 2021,
  month = {may},  
  publisher = {Wiley},
  volume = {51},
  number = {8},
  pages = {1700--1727},
  author = {Daniel Lemire},
  title = {Number Parsing at a Gigabyte per Second},
  journal = {Software: Practice and Experience}
}

@Book{Nocedal2006a,
  author = 	 {J. Nocedal and S.J. Wright},
  title = 	 {Numerical Optimization},
  publisher = 	 {Springer},
  year = 	 {2006}
}

@Book{Press2007a,
  author = 	 {W.H. Press and S.A. Teukolsky and W.T. Vetterling and B.P. Flannery},
  title = 	 {Numerical Recipes},
  publisher = 	 {Cambridge University Press},
  edition =      {3.},
  year = 	 {2007}
}

@Book{Ralston2001a,
  author = 	 {A. Ralston and P. Rabinowitz},
  title = 	 {A First Course in Numerical Analysis},
  publisher = 	 {Dover},
  address =      {New York},
  edition =      {2.},
  year = 	 {2001},
  isbn =         {048641454X}
}

@Book{Stoer1993a,
  author = 	 {J. Stoer and R. Bulirsch},
  title = 	 {Introduction to numerical analysis},
  publisher = 	 {Springer-Verlag},
  edition =      {2.},
  year = 	 {1993}
}

