%Este trabalho está licenciado sob a Licença Atribuição-CompartilhaIgual 4.0 Internacional Creative Commons. Para visualizar uma cópia desta licença, visite http://creativecommons.org/licenses/by-sa/4.0/deed.pt_BR ou mande uma carta para Creative Commons, PO Box 1866, Mountain View, CA 94042, USA.

%Bibtex format

@Book{Goodfellow2016a,
  author = 	 {Goodfellow, I. and Bengio, Y. and Courville, A.},
  title = 	 {Deep learning},
  publisher = 	 {{MIT} Press},
  address =      {Cambridge, {MA}},
  year = 	 {2016}
}


